@book{Penn92,
  added-at = {2007-01-15T15:15:55.000+0100},
  address = {New York},
  author = {Pennebaker, William B. and Mitchell, Joan L.},
  biburl = {https://www.bibsonomy.org/bibtex/2ea19dd21a935f9e77066d7d94dce691f/timo},
  interhash = {3ad642433265f96e5fb756bfc77676d2},
  intrahash = {ea19dd21a935f9e77066d7d94dce691f},
  keywords = {DCT JPEG algorithm coding compression image standard},
  publisher = {Van Nostrand Reinhold},
  timestamp = {2007-07-03T00:53:15.000+0200},
  title = {JPEG Still Image Data Compression Standard},
  year = {1992}
}
@misc{stanford-dct,
  author = {Stanford University},
  title = {Data Compression - Discrete Cosine Transform},
  howpublished = {\url{https://shorturl.at/uNRV8}},
}
@misc{qoura,
author = {Aam},
title ={What is an intuitive explanation of DCT (discrete cosine transformation)? How does it work?},
howpublished ={\url{https://shorturl.at/eMNZ7}},
}
@misc{pdf,
author = {A.M.Raid, W.M.Khedr, M. A. El-dosuky and Wesam Ahmed},
title = {Jpeg Image Compression Using Discrete Cosine Transform - A Survey},
howpublished = {\url{https://arxiv.org/pdf/1405.6147.pdf}},
year ={2014}
}
@misc{jaipur,
author = {Surbhi Singh, Vipin kumar Gupta},
title={JPEG Image Compression and Decompression by Huffman Coding},
howpublished = {\url{https://shorturl.at/ksHXZ}}
}
@misc{reducible2022,
author = {Reducible},
title = {The Unreasonable Effectiveness of JPEG: A Signal Processing Approach},
howpublished = {\url{https://youtu.be/0me3guauqOU}},
year = {2022}
}
@misc{Yuniblog,
title = {Two-dimensional Discrete Cosine Transform as a Linear Transformation},
author = {Yumi},
howpublished = {\url{https://fairyonice.github.io/2D-DCT.html}},
year = {2019}
}
@misc{baeldung2023,
author = {baeldung},
title = {JPEG Compression Explained},
howpublished = {\url{baeldung.com/cs/jpeg-compression}},
year = {2023}
}
@misc{Bonix2018,
author = {Boinx Software},
title = {What is Chroma Subsampling | LSE - E05},
howpublished = {\url{https://www.youtube.com/watch?v=fkz2-JVaYDk}},
}